@online{economist,
author = {{The Economist Intelligence Unit}},
title = { What are the benefits and barriers of using open government data? },
year = {2017},
url = {\url{http://perspectives.eiu.com/strategy-leadership/open-government-data-assessing-demand-around-world}}
}


@online{poynter,
author = {{Melody Kramer}},
title = {Can you trust government data or even find it? Many are sounding the alarm},
year = {2017},
url = {\url{https://www.poynter.org/news/can-you-trust-government-data-or-even-find-it-many-are-sounding-alarm}}
}